@book{knuth:1997,
 author = {Knuth, Donald E.},
 title = {The Art of Computer Programming, Volume 2 (3rd Ed.): Seminumerical Algorithms},
 year = {1997},
 isbn = {0-201-89684-2},
 publisher = {Addison-Wesley Longman Publishing Co., Inc.},
 address = {Boston, MA, USA},
}


@book{lamport:1986,
 author = {Lamport, Leslie},
 title = {Latex: A Document Preparation System},
 year = {1986},
 isbn = {0-201-15790-X},
 publisher = {Addison-Wesley Longman Publishing Co., Inc.},
 address = {Boston, MA, USA},
}


@book{knuth:1999,
  title={Digital typography},
  author={Knuth, Donald Ervin},
  volume={78},
  year={1999},
  publisher={Csli Publications}
}